
@book{Abramowitz1974Handbook,
  title = {Handbook of {{Mathematical Functions}}, {{With Formulas}}, {{Graphs}}, and {{Mathematical Tables}}},
  author = {Abramowitz, Milton},
  year = {1974},
  publisher = {{Dover Publications, Inc.}},
  address = {{USA}},
  isbn = {978-0-486-61272-0},
  annotation = {ZSCC: 0000001}
}

@misc{Butler2017ASRemlR,
  title = {{{ASReml}}-{{R Reference Manual Version}} 4},
  author = {Butler, D.G. and Cullis, B.R. and Gilmour, A.R. and Gogel, B.G. and Thompson, R.},
  year = {2017},
  publisher = {{VSN International Ltd, Hemel Hempstead, HP1 1ES, UK.}},
  annotation = {ZSCC: 0000003}
}

@misc{Cao2021Bayesian,
  title = {Bayesian {{Inference}} of {{Spatially Correlated Random Parameters}} for {{On}}-Farm {{Experiment}}},
  author = {Cao, Zhanglong and Stefanova, Katia and Gibberd, Mark and Rakshit, Suman},
  year = {2021},
  language = {English}
}

@article{Cook2013Onfarm,
  title = {On-Farm Experimentation},
  author = {Cook, Simon and Cock, James and Oberth{\"u}r, Thomas and Fisher, Myles},
  year = {2013},
  journal = {Better Crop. Plant Food},
  series = {4},
  volume = {97},
  pages = {17--20}
}


@incollection{Cressie1993Statistics,
  title = {Statistics for {{Spatial Data}}},
  booktitle = {Statistics for {{Spatial Data}}},
  author = {Cressie, Noel A. C.},
  year = {1993},
  pages = {1--26},
  publisher = {{John Wiley \& Sons, Ltd}},
  doi = {10.1002/9781119115151.ch1},
  chapter = {1},
  isbn = {978-1-119-11515-1},
  language = {en},
  keywords = {geostatistical data,lattice data,point patterns,spatial data,spatial models}
}

@article{Cressie1999Classes,
  title = {Classes of {{Nonseparable}}, {{Spatio}}-{{Temporal Stationary Covariance Functions}}},
  author = {Cressie, Noel and Huang, Hsin-Cheng},
  year = {1999},
  month = dec,
  journal = {Journal of the American Statistical Association},
  volume = {94},
  number = {448},
  pages = {1330--1339},
  publisher = {{Taylor \& Francis}},
  issn = {0162-1459},
  doi = {10.1080/01621459.1999.10473885},
  keywords = {Bochner's theorem,Matern covariance,Positive definite,Simple kriging.}
}

@article{Edmondson2014Agridat,
  title = {Agridat},
  author = {Edmondson, R. N.},
  year = {2014},
  month = feb,
  journal = {The Journal of Agricultural Science},
  volume = {152},
  number = {1},
  pages = {2--2},
  publisher = {{Cambridge University Press}},
  issn = {0021-8596, 1469-5146},
  doi = {10.1017/S0021859613000920},
  language = {en}
}

@article{Evans2020Assessment,
  title = {Assessment of the {{Use}} of {{Geographically Weighted Regression}} for {{Analysis}} of {{Large On}}-{{Farm Experiments}} and {{Implications}} for {{Practical Application}}},
  author = {Evans, Fiona H. and Recalde Salas, Angela and Rakshit, Suman and Scanlan, Craig A. and Cook, Simon E.},
  year = {2020},
  month = nov,
  journal = {Agronomy},
  volume = {10},
  number = {11},
  pages = {1720},
  publisher = {{Multidisciplinary Digital Publishing Institute}},
  doi = {10.3390/agronomy10111720},
  language = {en},
  keywords = {digital agriculture,geographically weighted regression,on-farm experimentation,precision agriculture,spatial analysis}
}

@book{Fisher1934Statistical,
  title = {Statistical Methods for Research Workers},
  author = {Fisher, Ronald Aylmer},
  year = {1934},
  edition = {fifth},
  publisher = {{Oliver and Boyd}},
  address = {{Edinburgh}},
  language = {English},
  annotation = {ZSCC: 0000005  OCLC: 4972023}
}

@article{Gollini2015GWmodel,
  title = {{{GWmodel}}: {{An R Package}} for {{Exploring Spatial Heterogeneity Using Geographically Weighted Models}}},
  shorttitle = {{{GWmodel}}},
  author = {Gollini, Isabella and Lu, Binbin and Charlton, Martin and Brunsdon, Christopher and Harris, Paul},
  year = {2015},
  month = feb,
  journal = {Journal of Statistical Software},
  volume = {63},
  number = {1},
  pages = {1--50},
  issn = {1548-7660},
  doi = {10.18637/jss.v063.i17},
  copyright = {Copyright (c) 2013 Isabella Gollini, Binbin Lu, Martin Charlton, Christopher Brunsdon, Paul Harris},
  language = {en}
}

@article{Leung2000Statistical,
  title = {Statistical {{Tests}} for {{Spatial Nonstationarity Based}} on the {{Geographically Weighted Regression Model}}},
  author = {Leung, Yee and Mei, Chang-Lin and Zhang, Wen-Xiu},
  year = {2000},
  month = jan,
  journal = {Environment and Planning A: Economy and Space},
  volume = {32},
  number = {1},
  pages = {9--32},
  publisher = {{SAGE Publications Ltd}},
  issn = {0308-518X},
  doi = {10.1068/a3162}
}

@article{Ludwig2020Splinebased,
  title = {On Spline-Based Approaches to Spatial Linear Regression for Geostatistical Data},
  author = {Ludwig, Guilherme and Zhu, Jun and Reyes, Perla and Chen, Chun-Shu and Conley, Shawn P.},
  year = {2020},
  month = jun,
  journal = {Environmental and Ecological Statistics},
  volume = {27},
  number = {2},
  pages = {175--202},
  issn = {1352-8505, 1573-3009},
  doi = {10.1007/s10651-020-00441-9},
  language = {en}
}

@article{Marchant2019Establishinga,
  title = {Establishing the Precision and Robustness of Farmers' Crop Experiments},
  author = {Marchant, Ben and Rudolph, Sebastian and Roques, Susie and Kindred, Daniel and Gillingham, Vincent and Welham, Sue and Coleman, Colin and {Sylvester-Bradley}, Roger},
  year = {2019},
  month = jan,
  journal = {Field Crops Research},
  volume = {230},
  pages = {31--45},
  issn = {0378-4290},
  doi = {10.1016/j.fcr.2018.10.006},
  language = {en},
  keywords = {Field-scale trials,Geostatistics,NDVI,Yield monitor}
}

@book{McElreath2015Statistical,
  title = {Statistical Rethinking: {{A}} Bayesian Course with Examples in {{R}} and Stan},
  author = {McElreath, Richard},
  year = {2015},
  month = dec,
  series = {Chapman and {{Hall}}/{{CRC Texts}} in {{Statistical Science Ser}}.},
  edition = {First},
  volume = {122},
  publisher = {{CRC Press LLC}},
  language = {English}
}

@article{Paez2002General,
  title = {A {{General Framework}} for {{Estimation}} and {{Inference}} of {{Geographically Weighted Regression Models}}: 1. {{Location}}-{{Specific Kernel Bandwidths}} and a {{Test}} for {{Locational Heterogeneity}}},
  shorttitle = {A {{General Framework}} for {{Estimation}} and {{Inference}} of {{Geographically Weighted Regression Models}}},
  author = {P{\'a}ez, Antonio and Uchida, Takashi and Miyamoto, Kazuaki},
  year = {2002},
  month = apr,
  journal = {Environment and Planning A: Economy and Space},
  volume = {34},
  number = {4},
  pages = {733--754},
  publisher = {{SAGE Publications Ltd}},
  issn = {0308-518X},
  doi = {10.1068/a34110}
}

@article{Pandit2019Comparative,
  title = {Comparative Analysis of {{Gaussian Process}} Power Curve Models Based on Different Stationary Covariance Functions for the Purpose of Improving Model Accuracy},
  author = {Pandit, Ravi Kumar and Infield, David},
  year = {2019},
  month = sep,
  journal = {Renewable Energy},
  volume = {140},
  pages = {190--202},
  issn = {0960-1481},
  doi = {10.1016/j.renene.2019.03.047},
  language = {en},
  keywords = {Condition monitoring,Covariance functions,Gaussian process,Power curve}
}

@article{Panten2010Enhancing,
  title = {Enhancing the Value of Field Experimentation through Whole-of-Block Designs},
  author = {Panten, K. and Bramley, R. G. V. and Lark, R. M. and Bishop, T. F. A.},
  year = {2010},
  month = apr,
  journal = {Precision Agriculture},
  volume = {11},
  number = {2},
  pages = {198--213},
  issn = {1573-1618},
  doi = {10.1007/s11119-009-9128-y},
  language = {en}
}


@book{Petersen1994Agricultural,
  title = {Agricultural {{Field Experiments}}: {{Design}} and {{Analysis}}},
  author = {Petersen, Roger G},
  year = {1994},
  edition = {1st},
  publisher = {{CRC Press}},
  address = {{Boca Raton}},
  isbn = {978-0-429-07849-1},
  language = {en},
  annotation = {ZSCC: 0000442}
}

@article{Piepho2011Statistical,
  title = {Statistical Aspects of On-Farm Experimentation},
  author = {Piepho, Hans-Peter and Richter, Christel and Spilke, Joachim and Hartung, Karin and Kunick, Arndt},
  year = {2011},
  journal = {Crop \& Pasture Science},
  volume = {62},
  pages = {721--735},
  doi = {10.1071/cp11175}
}

@article{Piepho2013Why,
  title = {Why Randomize Agricultural Experiments?},
  author = {Piepho, H. P. and M{\"o}hring, J. and Williams, E. R.},
  year = {2013},
  journal = {Journal of Agronomy and Crop Science},
  volume = {199},
  number = {5},
  pages = {374--383},
  issn = {09312250},
  doi = {10.1111/jac.12026},
  keywords = {experimental design,Experimental design,field trial,Field trial,linear model,Linear model,randomization,Randomization,statistics,Statistics,uniformity trial,Uniformity trial}
}


@article{Pringle2004FieldScale,
  title = {Field-{{Scale Experiments}} for {{Site}}-{{Specific Crop Management}}. {{Part I}}: {{Design Considerations}}},
  shorttitle = {Field-{{Scale Experiments}} for {{Site}}-{{Specific Crop Management}}. {{Part I}}},
  author = {Pringle, M. J. and Cook, S. E. and McBratney, A. B.},
  year = {2004},
  month = dec,
  journal = {Precision Agriculture},
  volume = {5},
  number = {6},
  pages = {617--624},
  issn = {1573-1618},
  doi = {10.1007/s11119-004-6346-1},
  language = {en}
}

@article{Pringle2004FieldScalea,
  title = {Field-{{Scale Experiments}} for {{Site}}-{{Specific Crop Management}}. {{Part II}}: {{A Geostatistical Analysis}}},
  shorttitle = {Field-{{Scale Experiments}} for {{Site}}-{{Specific Crop Management}}. {{Part II}}},
  author = {Pringle, M. J. and McBratney, A. B. and Cook, S. E.},
  year = {2004},
  month = dec,
  journal = {Precision Agriculture},
  volume = {5},
  number = {6},
  pages = {625--645},
  issn = {1573-1618},
  doi = {10.1007/s11119-004-6347-0},
  language = {en}
}


@article{Rakshit2020Novel,
  ids = {Rakshit2020Novela},
  title = {Novel Approach to the Analysis of Spatially-Varying Treatment Effects in on-Farm Experiments},
  author = {Rakshit, Suman and Baddeley, Adrian and Stefanova, Katia and Reeves, Karyn and Chen, Kefei and Cao, Zhanglong and Evans, Fiona and Gibberd, Mark},
  year = {2020},
  journal = {Field Crops Research},
  volume = {255},
  number = {October 2019},
  pages = {107783},
  publisher = {{Elsevier}},
  issn = {0378-4290},
  doi = {10/gg2vv7}
}


@article{Selle2019Flexible,
  title = {Flexible Modelling of Spatial Variation in Agricultural Field Trials with the {{R}} Package {{INLA}}},
  author = {Selle, Maria Lie and Steinsland, Ingelin and Hickey, John M. and Gorjanc, Gregor},
  year = {2019},
  journal = {Theoretical and Applied Genetics},
  volume = {132},
  number = {12},
  pages = {3277--3293},
  publisher = {{Springer Berlin Heidelberg}},
  issn = {14322242},
  doi = {10.1007/s00122-019-03424-y}
}

@article{Verdooren2020History,
  title = {History of the {{Statistical Design}} of {{Agricultural Experiments}}},
  author = {Verdooren, L. Rob},
  year = {2020},
  month = dec,
  journal = {Journal of Agricultural, Biological and Environmental Statistics},
  volume = {25},
  number = {4},
  pages = {457--486},
  issn = {1085-7117, 1537-2693},
  doi = {10.1007/s13253-020-00394-3},
  language = {en}
}

@article{Zimmerman1991Randoma,
  title = {A {{Random Field Approach}} to the {{Analysis}} of {{Field}}-{{Plot Experiments}} and {{Other Spatial Experiments}}},
  author = {Zimmerman, Dale L. and Harville, David A.},
  year = {1991},
  journal = {Biometrics},
  volume = {47},
  number = {1},
  pages = {223--239},
  publisher = {{[Wiley, International Biometric Society]}},
  issn = {0006-341X},
  doi = {10.2307/2532508}
}


@book{Marschner2011,
    address = {San Diego},
    author = {Marschner, Horst},
    doi = {10.1016/C2009-0-63043-9},
    keywords = {Nutrition ,Plants},
    mendeley-groups = {Quadratic Curve Rationality},
    publisher = {San Diego: Elsevier Science \& Technology},
    title = {{Marschner's Mineral Nutrition of Higher Plants}},
    year = {2011}
}

@article{Glynn2007,
    author = {Glynn, Carolyn},
    issn = {0028-646X},
    journal = {New Phytologist},
    keywords = {Condensed tannins,Growth-differentiation balance hypothesis,Optimality theory,Phenolic glycosides,Phenotypic plasticity,Salix eriocephala,Salix sericea,Secondary metabolism},
    mendeley-groups = {Quadratic Curve Rationality},
    number = {3},
    pages = {623--634},
    pmid = {17725548},
    title = {{Testing the Growth-Differentiation Balance Hypothesis: Dynamic Responses of Willows to Nutrient Availability}},
    volume = {176},
    year = {2007},
    doi = {10.1111/j.1469-8137.2007.02203.x}
}

@article{Liben2019,
    author = {Liben, Feyera M and Midega, Tesfaye and Tufa, Tolcha and Wortmann, Charles S},
    doi = {10.1002/agj2.20020},
    journal = {Agronomy Journal},
    mendeley-groups = {Quadratic Curve Rationality},
    title = {{Soil Fertility \& Crop Nutrition Barley and wheat nutrient responses for Shewa, Ethiopia}},
    year = {2019}
}

@article{lu2014gwmodel,
    author = {Binbin Lu and Paul Harris and Martin Charlton and Chris Brunsdon},
    title = {The GWmodel R package: further topics for exploring spatial heterogeneity using geographically weighted models},
    journal = {Geo-spatial Information Science},
    volume = {17},
    number = {2},
    pages = {85-101},
    year  = {2014},
    publisher = {Taylor & Francis},
    doi = {10.1080/10095020.2014.917453},
    URL = {https://doi.org/10.1080/10095020.2014.917453},
    eprint = {https://doi.org/10.1080/10095020.2014.917453}
}

@article{Piepho2018Tutorial,
author = {Piepho, H. P. and Edmondson, R. N.},
title = {A tutorial on the statistical analysis of factorial experiments with qualitative and quantitative treatment factor levels},
journal = {Journal of Agronomy and Crop Science},
volume = {204},
number = {5},
pages = {429-455},
keywords = {factorial analysis, linear mixed models, polynomial regression, R, repeated-measures analysis, response surface models, SAS, split-plot analysis},
doi = {https://doi.org/10.1111/jac.12267},
url = {https://onlinelibrary.wiley.com/doi/abs/10.1111/jac.12267},
eprint = {https://onlinelibrary.wiley.com/doi/pdf/10.1111/jac.12267},
year = {2018}
}

@article{White2008Agridat,
author = {White, Jeffrey W. and van Evert, Frits K.},
title = {Publishing Agronomic Data},
journal = {Agronomy Journal},
volume = {100},
number = {5},
pages = {1396-1400},
doi = {https://doi.org/10.2134/agronj2008.0080F},
url = {https://acsess.onlinelibrary.wiley.com/doi/abs/10.2134/agronj2008.0080F},
eprint = {https://acsess.onlinelibrary.wiley.com/doi/pdf/10.2134/agronj2008.0080F},
year = {2008}
}

@article{bramley1999designing,
  title={Designing your own on-farm experiments: How precision agriculture can help},
  author={Bramley, RGV and Cook, SE and Adams, ML and Corner, RJ},
  year={1999},
  publisher={Kingston, ACT, Grains Research and Development Corporation}
}